<record><leader>00000cas a22000007a 4500</leader><controlfield tag="001">10107142</controlfield><controlfield tag="008">831108d18541860mnudn ne      0    0eng  </controlfield><datafield ind1=" " ind2=" " tag="010"><subfield code="a">sn 83016764 </subfield></datafield><datafield ind1=" " ind2=" " tag="040"><subfield code="a">DLC</subfield><subfield code="b">eng</subfield><subfield code="c">DLC</subfield><subfield code="d">NPV</subfield><subfield code="d">NPX</subfield><subfield code="d">MN#</subfield><subfield code="d">OCL</subfield><subfield code="d">OCLCO</subfield><subfield code="d">OCLCF</subfield><subfield code="d">CUS</subfield><subfield code="d">IUL</subfield><subfield code="d">OCL</subfield></datafield><datafield ind1=" " ind2=" " tag="042"><subfield code="a">pcc</subfield></datafield><datafield ind1=" " ind2=" " tag="043"><subfield code="a">n-us-mn</subfield></datafield><datafield ind1="0" ind2="0" tag="050"><subfield code="a">Newspaper 8445-X</subfield></datafield><datafield ind1=" " ind2=" " tag="052"><subfield code="a">4144</subfield><subfield code="b">S4</subfield></datafield><datafield ind1="0" ind2="0" tag="245"><subfield code="a">Saint Paul daily times.</subfield></datafield><datafield ind1=" " ind2=" " tag="260"><subfield code="a">St. Paul :</subfield><subfield code="b">Newson, Mitchell &amp; Co.,</subfield><subfield code="c">1854-</subfield></datafield><datafield ind1=" " ind2=" " tag="300"><subfield code="a">volumes</subfield></datafield><datafield ind1=" " ind2=" " tag="310"><subfield code="a">Daily (except Mon.),</subfield><subfield code="b">&lt;July 1, 1858-Dec. 9, 1859&gt;</subfield></datafield><datafield ind1=" " ind2=" " tag="321"><subfield code="a">Daily (except Sun.),</subfield><subfield code="b">May 15, 1854-&lt;Feb. 28, 1858&gt;</subfield></datafield><datafield ind1=" " ind2=" " tag="336"><subfield code="a">text</subfield><subfield code="b">txt</subfield><subfield code="2">rdacontent</subfield></datafield><datafield ind1=" " ind2=" " tag="337"><subfield code="a">unmediated</subfield><subfield code="b">n</subfield><subfield code="2">rdamedia</subfield></datafield><datafield ind1=" " ind2=" " tag="338"><subfield code="a">volume</subfield><subfield code="b">nc</subfield><subfield code="2">rdacarrier</subfield></datafield><datafield ind1="0" ind2=" " tag="362"><subfield code="a">Vol. 1, no. 1 (May 15, 1854)-</subfield></datafield><datafield ind1="1" ind2=" " tag="362"><subfield code="a">Ceased in Dec. 1859.</subfield></datafield><datafield ind1=" " ind2=" " tag="500"><subfield code="a">Title from masthead.</subfield></datafield><datafield ind1=" " ind2=" " tag="588"><subfield code="a">Latest issue consulted: Vol. 3, no. 305 (May 14, 1857); Reades, America's Historical Newspapers (viewed October 19, 2017).</subfield></datafield><datafield ind1=" " ind2="0" tag="651"><subfield code="a">Saint Paul (Minn.)</subfield><subfield code="v">Newspapers.</subfield></datafield><datafield ind1=" " ind2="0" tag="651"><subfield code="a">Ramsey County (Minn.)</subfield><subfield code="v">Newspapers.</subfield></datafield><datafield ind1=" " ind2="7" tag="651"><subfield code="a">Minnesota</subfield><subfield code="z">Ramsey County.</subfield><subfield code="2">fast</subfield><subfield code="0">(OCoLC)fst01213443</subfield></datafield><datafield ind1=" " ind2="7" tag="651"><subfield code="a">Minnesota</subfield><subfield code="z">Saint Paul.</subfield><subfield code="2">fast</subfield><subfield code="0">(OCoLC)fst01212130</subfield></datafield><datafield ind1=" " ind2="7" tag="655"><subfield code="a">Newspapers.</subfield><subfield code="2">fast</subfield><subfield code="0">(OCoLC)fst01423814</subfield></datafield><datafield ind1=" " ind2=" " tag="752"><subfield code="a">United States</subfield><subfield code="b">Minnesota</subfield><subfield code="c">Ramsey</subfield><subfield code="d">Saint Paul.</subfield></datafield><datafield ind1="0" ind2=" " tag="775"><subfield code="t">Minnesota weekly times (Saint Paul, Minn. : 1854)</subfield><subfield code="w">(DLC)sn 85025594</subfield><subfield code="w">(OCoLC)1758304</subfield></datafield><datafield ind1="0" ind2="7" tag="785"><subfield code="t">Saint Paul daily Minnesotian</subfield><subfield code="w">(DLC)sn 84031573</subfield><subfield code="w">(OCoLC)11151091</subfield></datafield><datafield ind1="0" ind2="7" tag="785"><subfield code="t">Minnesotian and times</subfield><subfield code="w">(DLC)sn 90059505</subfield><subfield code="w">(OCoLC)21616578</subfield></datafield><datafield ind1="4" ind2="1" tag="856"><subfield code="u">http://proxyiub.uits.iu.edu/login?url=http://infoweb.newsbank.com/?db=EANX&amp;s_browseRef=decades/147477DEF52E15B5/all.xml</subfield></datafield><datafield ind1="1" ind2=" " tag="029"><subfield code="a">AU@</subfield><subfield code="b">000025839958</subfield></datafield></record>